% Livros
@book{bejtlich2004,
    title={The Tao of Network Security Monitoring : Beyond Intrusion Detection},
    edition={1},
    author={Bejtlich, Richard},
    isbn={9780321246776},
    year={2004},
    publisher={Addison-Wesley Professional},
    pages={765},
}

@book{carrier2005,
    title = {File System Forensic Analysis},
    edition = {1},
    author = {Carrier, Brian},
    isbn = {9780321268174},
    year = {2005},
    publisher = {Addison-Wesley Professional},
    pages = {600},
}

@book{ligh2014,
    title = {The Art of Memory Forensics: Detecting Malware and Threats in Windows, Linux, and Mac Memory},
    edition = {1},
    author = {Ligh, M. H. and Case, Andrew and Levy, Jamie and Walters, Aaron},
    isbn = {9781118825099},
    year = {2014},
    publisher = {John Wiley \& Sons},
    pages = {912},
}

@book{vecchia2019,
    title = {Perícia digital: Da investigação à análise forense},
    edition = {2},
    author = {Vecchia, E. D.},
    isbn = {9788576253709},
    series = {Tratado de Perícias Criminalísticas},
    year = {2019},
    publisher = {Millennium Editora},
    pages = {424},
}

@book{silberschatz2018,
    title = {Operating system concepts},
    edition = {10},
    author = {Silberschatz, Abraham and Galvin, Peter B. and Gagne, Greg},
    isbn = {9781119800361},
    year = {2018},
    publisher = {John Wiley \& Sons},
    pages = {1040},
}

@book{luttgens2014,
    title = {Incident response \& computer forensics},
    edition = {3},
    author = {Luttgens, Jason T. and Pepe, Matthew and Mandia, Kevin},
    isbn = {9780071798686},
    year = {2014},
    publisher = {McGraw-Hill Education},
    pages = {624},
}

@book{kurose2013,
    title = {Computer networking: a top-down approach},
    edition = {6},
    author = {Kurose, James F. and Ross, Keith W.},
    isbn = {9780132856201},
    year = {2013},
    publisher = {Addison-Wesley},
    pages = {862},
}

@book{stallings2009,
    title = {Computer Organization and Architecture: Designing for Performance},
    edition = {8},
    author = {Stallings, William},
    isbn = {9780136073734},
    year = {2009},
    publisher = {Pearson},
    pages = {792},
}

@book{barreto2020,
    title = {Inteligência e Investigação Criminal em Fontes Abertas},
    edition = {3},
    author = {Barreto, A. G. and Wendt, E.},
    year = {2020},
    publisher = {Brasport},
    pages = {301},
}

@book{bazzell2022,
    title = {Open Source Intelligence Techniques: Resources for Searching and Analyzing Online Information},
    edition = {9},
    author = {Bazzell, Michael},
    isbn = {9798794816983},
    year = {2022},
    pages = {516},
}


@book{sikorski2012,
    title = {Practical Malware Analysis},
    edition = {1},
    author = {Sikorski, M. and Honig, A.},
    isbn = {9781593272906},
    year = {2012},
    publisher = {No Starch Press},
    pages = {800},
}

@book{monteiro2018,
    title = {Informática Forense},
    edition = {1},
    volume = {2},
    series = {Tratado de Perícias Forenses},
    author = {Monteiro, Marcos},
    isbn = {9788574563558},
    year = {2018},
    publisher = {Leud},
    pages = {426},
}

% Sites
@misc{roberts2016,
    author = "Roberts, Scott J.",
    year = "2016",
    title = "Introduction to DFIR",
    url = "https://sroberts.medium.com/introduction-to-dfir-d35d5de4c180",
    institution = "Medium"
}

@misc{certBr,
    author = "CERT.br",
    year = "2022",
    title = "Cartilha de segurança: fascículo - códigos maliciosos",
    url = "https://cartilha.cert.br/fasciculos/codigos-maliciosos/fasciculo-codigos-maliciosos.pdf",
    institution = "CERT.br"
}

% Artigos
@article{kent2006,
    title = {Guide to Integrating Forensic Techniques into Incident Response},
    author = {Kent, Karen and Chevalier, Suzanne and Grace, Tim and Dang, Hung},
    url = {https://nvlpubs.nist.gov/nistpubs/legacy/sp/nistspecialpublication800-86.pdf},
    year = {2006},
    pages = {121},
}

@article{garfinkel2010,
    title = {Digital forensics research: The next 10 years},
    author = {Garfinkel, Simson L},
    url = {https://www.sciencedirect.com/science/article/pii/S1742287610000368},
    year = {2010},
    pages = {64-73},
}

@article{capobianco2019,
    title = {Employing Attack Graphs for Intrusion Detection},
    author = {Capobianco, Frank and George, Rahul and Huang, Kaiming and Jaeger, Trent and Krishnamurthy, Srikanth and Qian, Zhiyun and Payer, Mathias and Yu, Paul},
    url = {https://dl.acm.org/doi/10.1145/3368860.3368862},
    year = {2019},
    pages = {16-30},
}

@article{du2020,
    title = {SoK: Exploring the State of the Art and the Future Potential of Artificial Intelligence in Digital Forensic Investigation},
    author = {Du, Xiaoyu and Hargreaves, Chris and Sheppard, John and Anda, Felix and Sayakkara, Asanka and Le-Khack, Nhien-An and Scanlon, Mark},
    url = {https://dl.acm.org/doi/10.1145/3407023.3407068},
    year = {2020},
    pages = {1-10},
}

@article{stuttgen2013,
    title = {Anti-forensic resilient memory acquisition},
    author = {Stüttgen, Johannes and Cohen, Michael},
    url = {https://www.sciencedirect.com/science/article/pii/S1742287613000583},
    year = {2013},
    pages = {105-115},
}

@article{sharmalc2020,
    title = {Enhanced Forensic Process for Improving Mobile Cloud Traceability in Cloud-Based Mobile Applications},
    author = {Sharmalc, Puneet and Arora, Deepak and Sakthive, T.},
    url = {https://www.sciencedirect.com/science/article/pii/S1877050920308565},
    year = {2020},
    pages = {907-917},
}

@article{wael2018,
    title = {Enhanced Approach to Detect Malicious VBScript Files Based on Data Mining Techniques},
    author = {Wael, Doaa and Sayed, Samir G. and AbdelBaki, Nashwa},
    url = {https://www.sciencedirect.com/science/article/pii/S1877050918317757},
    year = {2018},
    pages = {552-558},
}

@article{case2015,
    title = {Advancing Mac OS X rootkit detection},
    author = {Case, Andrew and {Richard III}, Golden G.},
    url = {https://www.sciencedirect.com/science/article/pii/S174228761500050X},
    year = {2015},
    pages = {25-33},
}
